<record><leader>00000cas a22000007a 4500</leader><controlfield tag="001">8807226</controlfield><controlfield tag="008">820925d19061982iaudn ne      0    0eng  </controlfield><controlfield tag="009">466</controlfield><datafield ind1=" " ind2=" " tag="010"><subfield code="a">sn 82014056 </subfield></datafield><datafield ind1=" " ind2=" " tag="040"><subfield code="a">DLC</subfield><subfield code="b">eng</subfield><subfield code="c">DLC</subfield><subfield code="d">INP</subfield><subfield code="d">DLC</subfield><subfield code="d">INP</subfield></datafield><datafield ind1="1" ind2=" " tag="029"><subfield code="a">AU@</subfield><subfield code="b">000025812295</subfield></datafield><datafield ind1=" " ind2=" " tag="042"><subfield code="a">msc</subfield></datafield><datafield ind1="0" ind2="0" tag="050"><subfield code="a">Newspaper 7801</subfield></datafield><datafield ind1="0" ind2="4" tag="245"><subfield code="a">The Oelwein daily register.</subfield></datafield><datafield ind1="1" ind2="3" tag="246"><subfield code="a">Oelwein register</subfield></datafield><datafield ind1=" " ind2=" " tag="260"><subfield code="a">Oelwein, Iowa :</subfield><subfield code="b">Hoyer &amp; Robinson,</subfield><subfield code="c">1906-1982.</subfield></datafield><datafield ind1=" " ind2=" " tag="300"><subfield code="a">100 v. :</subfield><subfield code="b">ill.</subfield></datafield><datafield ind1=" " ind2=" " tag="310"><subfield code="a">Daily (except Sunday)</subfield></datafield><datafield ind1="0" ind2=" " tag="362"><subfield code="a">Vol. 1, no. 1 (July 23, 1906)-v. 100, no. 56 (Feb. 6, 1982).</subfield></datafield><datafield ind1=" " ind2=" " tag="500"><subfield code="a">Issue for Dec. 31, 1955 called also 75th anniversary ed.</subfield></datafield><datafield ind1=" " ind2=" " tag="500"><subfield code="a">Publisher varies.</subfield></datafield><datafield ind1=" " ind2=" " tag="500"><subfield code="a">"Republican."</subfield></datafield><datafield ind1=" " ind2=" " tag="752"><subfield code="a">United States</subfield><subfield code="b">Iowa</subfield><subfield code="c">Fayette</subfield><subfield code="d">Oelwein.</subfield></datafield><datafield ind1="0" ind2=" " tag="775"><subfield code="t">Oelwein register</subfield><subfield code="w">(DLC)sn 88059428</subfield><subfield code="g">1906-&lt;1920&gt;</subfield></datafield><datafield ind1="0" ind2="5" tag="780"><subfield code="t">Oelwein Iowan</subfield><subfield code="w">(OCoLC)16069412</subfield><subfield code="w">(DLC)sn 88059426</subfield></datafield><datafield ind1="0" ind2="5" tag="780"><subfield code="t">Oelwein register</subfield><subfield code="w">(DLC)sn 88059428</subfield></datafield><datafield ind1="0" ind2="0" tag="785"><subfield code="t">Register (Oelwein, Iowa)</subfield><subfield code="w">(DLC)sn 87058389</subfield></datafield></record>